@misc{ipn_inauguracion_citta_juarez,
    title = {Inauguran el Centro de Innovación e Integración de Tecnologías Avanzadas del IPN en Ciudad Juárez},
    year = {2024},
    url = {https://www.ipn.mx/imageninstitucional/comunicados/ver-comunicado.html?y=2021&n=150},
    publisher = {Instituto Politécnico Nacional (IPN)},
}

@misc{diario_cambio_citta_puebla,
    title = {Sergio Salomón inaugura en San José Chiapa el CIITA del Instituto Politécnico Nacional},
    year = {2024},
    url = {https://www.diariocambio.com.mx/2024/puebla/sergio-salomon-inaugura-en-san-jose-chiapa-el-ciita-del-instituto-politecnico-nacional-videos/},
    publisher = {Diario Cambio},
}